<record><leader>03390cam a2200433 i 4500</leader><controlfield tag="001">6775766</controlfield><controlfield tag="003">OCoLC</controlfield><controlfield tag="005">20150105103841.0</controlfield><controlfield tag="008">140311s2015    enka     b    001 0 eng  </controlfield><datafield ind1=" " ind2=" " tag="010"><subfield code="a">  2014007491</subfield></datafield><datafield ind1=" " ind2=" " tag="015"><subfield code="a">GBB3B7826</subfield><subfield code="2">bnb</subfield></datafield><datafield ind1="7" ind2=" " tag="016"><subfield code="a">016588837</subfield><subfield code="2">Uk</subfield></datafield><datafield ind1=" " ind2=" " tag="020"><subfield code="a">9780415733045 (hardback)</subfield></datafield><datafield ind1=" " ind2=" " tag="020"><subfield code="a">0415733049 (hardback)</subfield></datafield><datafield ind1=" " ind2=" " tag="020"><subfield code="z">9781315848488 (ebook)</subfield></datafield><datafield ind1="8" ind2=" " tag="024"><subfield code="a">40024092916</subfield></datafield><datafield ind1=" " ind2=" " tag="040"><subfield code="a">DLC</subfield><subfield code="e">rda</subfield><subfield code="b">eng</subfield><subfield code="c">DLC</subfield><subfield code="d">YDX</subfield><subfield code="d">BTCTA</subfield><subfield code="d">YDXCP</subfield><subfield code="d">OCLCF</subfield><subfield code="d">OCLCO</subfield><subfield code="d">UKMGB</subfield><subfield code="d">YUS</subfield><subfield code="d">UAB</subfield></datafield><datafield ind1=" " ind2=" " tag="042"><subfield code="a">pcc</subfield></datafield><datafield ind1="0" ind2="0" tag="050"><subfield code="a">JZ4841</subfield><subfield code="b">.R84 2015</subfield></datafield><datafield ind1="0" ind2="0" tag="082"><subfield code="a">341.23</subfield><subfield code="2">23</subfield></datafield><datafield ind1=" " ind2=" " tag="084"><subfield code="a">POL000000</subfield><subfield code="a">POL011000</subfield><subfield code="a">POL021000</subfield><subfield code="2">bisacsh</subfield></datafield><datafield ind1=" " ind2=" " tag="090"><subfield code="a">JZ 4841 R84 2015</subfield><subfield code="b">AEU</subfield></datafield><datafield ind1="1" ind2=" " tag="100"><subfield code="a">Ruhlman, Molly A.,</subfield><subfield code="e">author.</subfield></datafield><datafield ind1="1" ind2="0" tag="245"><subfield code="a">Who participates in global governance? :</subfield><subfield code="b">states, bureaucracies, and NGOs in the United Nations /</subfield><subfield code="c">Molly A. Ruhlman.</subfield></datafield><datafield ind1=" " ind2="1" tag="264"><subfield code="a">Abingdon, Oxon ;</subfield><subfield code="a">New York, NY :</subfield><subfield code="b">Routledge, Taylor &amp; Francis Group,</subfield><subfield code="c">2015.</subfield></datafield><datafield ind1=" " ind2=" " tag="300"><subfield code="a">xi, 175 pages :</subfield><subfield code="b">illustrations ;</subfield><subfield code="c">23 cm.</subfield></datafield><datafield ind1=" " ind2=" " tag="336"><subfield code="a">text</subfield><subfield code="b">txt</subfield><subfield code="2">rdacontent</subfield></datafield><datafield ind1=" " ind2=" " tag="337"><subfield code="a">unmediated</subfield><subfield code="b">n</subfield><subfield code="2">rdamedia</subfield></datafield><datafield ind1=" " ind2=" " tag="338"><subfield code="a">volume</subfield><subfield code="b">nc</subfield><subfield code="2">rdacarrier</subfield></datafield><datafield ind1="1" ind2=" " tag="490"><subfield code="a">Routledge global institutions series ;</subfield><subfield code="v">86</subfield></datafield><datafield ind1=" " ind2=" " tag="504"><subfield code="a">Includes bibliographical references and index.</subfield></datafield><datafield ind1=" " ind2=" " tag="520"><subfield code="a">"Why are non-state actors (NSAs) sometimes granted participation rights in International Organizations and what influences the decision? This work presents the case that that non-state actors have lobbied for formal participation roles in international organizations since at least the formation of the United Nations system but formal upstream participation roles are uncommon. Secretariats consistently support partnership with NSAs in implementation as a means towards greater efficiency or efficacy, and states consistently support such partnerships as launched by the secretariat as a means towards fulfilling the IO's intended mission. However, states and their IOs have more often than not raised opposition to granting NSAs a right of participation in member-state assemblies during decision-making. They have instead favoured informal means of consultation. During those occasions in which NSAs have been granted a formal right of participation during decision-making they have demonstrated the ability to supply specific benefits to IOs or to particular member-states who then support NSA participation rights. States and their organizations have consistently considered the formal inclusion of NSAs and chosen when, where, and in what ways to allow such inclusion in a manner that furthers the interests of individual states and their multilateral organizations. Challenging the regular assumption that the power of states and the efficacy of multilateral governance have simply wilted in the heat of globalization while NSAs have flourished, this work features analysis of key institutions such as UNCEF, UNDP and the Environment Programme. It will be of great interest to students and scholars of international relations, the United Nations, and NGOs. "--</subfield><subfield code="c">Provided by publisher.</subfield></datafield><datafield ind1=" " ind2=" " tag="596"><subfield code="a">16</subfield></datafield><datafield ind1="2" ind2="0" tag="610"><subfield code="a">United Nations</subfield><subfield code="x">Membership.</subfield></datafield><datafield ind1=" " ind2="0" tag="650"><subfield code="a">Non-governmental organizations.</subfield></datafield><datafield ind1=" " ind2="0" tag="650"><subfield code="a">Globalization</subfield><subfield code="x">Political aspects.</subfield></datafield><datafield ind1=" " ind2="0" tag="830"><subfield code="a">Global institutions series ;</subfield><subfield code="v">86.</subfield></datafield><datafield ind1=" " ind2=" " tag="949"><subfield code="a">JZ 4841 R84 2015</subfield><subfield code="c">1</subfield><subfield code="h">UAAU-B</subfield><subfield code="i">0162035219946</subfield></datafield><datafield ind1=" " ind2=" " tag="926"><subfield code="a">JZ 4841 R84 2015</subfield><subfield code="w">LC</subfield><subfield code="c">1</subfield><subfield code="i">0162035219946</subfield><subfield code="l">ON_SHELF</subfield><subfield code="m">UAAUG</subfield><subfield code="p">$150.00</subfield><subfield code="r">Y</subfield><subfield code="s">Y</subfield><subfield code="t">BOOK</subfield><subfield code="u">1/14/2015</subfield></datafield></record>